<record xmlns='http://www.loc.gov/MARC21/slim'><leader>01889ctmaa2200385Ia 4500</leader><controlfield tag='001'>6953859</controlfield><controlfield tag='005'>20200928165336.0</controlfield><controlfield tag='008'>120119q12751299ir p          000 0 per d</controlfield><datafield ind1=' ' ind2=' ' tag='035'><subfield code='a'>(OCoLC)ocn773292244</subfield></datafield><datafield ind1=' ' ind2=' ' tag='035'><subfield code='a'>6953859</subfield></datafield><datafield ind1=' ' ind2=' ' tag='040'><subfield code='a'>PUL</subfield><subfield code='e'>amremm</subfield><subfield code='c'>PUL</subfield></datafield><datafield ind1=' ' ind2=' ' tag='066'><subfield code='c'>(3</subfield><subfield code='c'>(4</subfield></datafield><datafield ind1=' ' ind2=' ' tag='035'><subfield code='a'>(OCoLC)773292244</subfield></datafield><datafield ind1=' ' ind2=' ' tag='043'><subfield code='a'>a-ir---</subfield></datafield><datafield ind1='1' ind2=' ' tag='100'><subfield code='6'>880-01</subfield><subfield code='a'>Ibn Bakhtīshūʻ, ʻUbayd Allāh ibn Jibrāʾīl.</subfield></datafield><datafield ind1='1' ind2='0' tag='240'><subfield code='a'>Manāfiʻ al-ḥayawān.</subfield><subfield code='k'>Fragment.</subfield><subfield code='l'>Persian</subfield></datafield><datafield ind1='1' ind2='0' tag='245'><subfield code='6'>880-02</subfield><subfield code='a'>Manāfiʻ-i kalāgh ...</subfield></datafield><datafield ind1=' ' ind2=' ' tag='260'><subfield code='c'>[between 1275 and 1299]</subfield></datafield><datafield ind1=' ' ind2=' ' tag='300'><subfield code='a'>1 leaf :</subfield><subfield code='b'>paper, col. ill. ;</subfield><subfield code='c'>263 x 203 (227 x 167) mm.</subfield></datafield><datafield ind1=' ' ind2=' ' tag='500'><subfield code='a'>Ms. leaf.</subfield></datafield><datafield ind1=' ' ind2=' ' tag='500'><subfield code='a'>Title from heading.</subfield></datafield><datafield ind1=' ' ind2=' ' tag='500'><subfield code='a'>Physical description: 13 lines per page; written in medium naskh in black on tan Arabic paper. Text framed in double red lines. Rubrication and catchwords. Heading in large, dark blue Kufic script. Lower outer corner repaired. On verso is a miniature measuring 110 x 96 mm.</subfield></datafield><datafield ind1=' ' ind2=' ' tag='500'><subfield code='a'>Origin: According to Moghadam, the leaf is from the late 13th century; likely from Iran.</subfield></datafield><datafield ind1='4' ind2=' ' tag='510'><subfield code='a'>Moghadam, M. E. et al. Garrett collection,</subfield><subfield code='c'>no. 197</subfield></datafield><datafield ind1='8' ind2=' ' tag='520'><subfield code='a'>Leaf from the Manāfiʻ al-ḥayawān, with a miniature depicting two crows, one of which stands on a rock, and a fruiting tree in the background.</subfield></datafield><datafield ind1=' ' ind2=' ' tag='530'><subfield code='a'>Also available in an electronic version.</subfield></datafield><datafield ind1=' ' ind2=' ' tag='541'><subfield code='c'>Gift;</subfield><subfield code='a'>Robert Garrett (Class of 1897),</subfield><subfield code='d'>1942.</subfield></datafield><datafield ind1=' ' ind2=' ' tag='546'><subfield code='a'>Persian.</subfield></datafield><datafield ind1=' ' ind2='0' tag='650'><subfield code='a'>Materia medica, Animal</subfield><subfield code='v'>Early works to 1800.</subfield></datafield><datafield ind1=' ' ind2='7' tag='655'><subfield code='a'>Manuscripts, Persian</subfield><subfield code='z'>Iran</subfield><subfield code='y'>13th century.</subfield><subfield code='2'>lcsh</subfield></datafield><datafield ind1=' ' ind2='7' tag='655'><subfield code='a'>Miniatures (Illuminations)</subfield><subfield code='z'>Iran</subfield><subfield code='y'>13th century.</subfield><subfield code='2'>gmgpc</subfield></datafield><datafield ind1='4' ind2='1' tag='856'><subfield code='u'>http://arks.princeton.edu/ark:/88435/5138jj208</subfield></datafield><datafield ind1='1' ind2=' ' tag='880'><subfield code='6'>100-01/(3/r</subfield><subfield code='a'>ابن بختىشوع، عبىد الله بن جبرائيل.</subfield></datafield><datafield ind1='1' ind2='0' tag='880'><subfield code='6'>245-02/(3/r</subfield><subfield code='a'>منافع کلاغ ...</subfield></datafield><datafield ind1=' ' ind2=' ' tag='902'><subfield code='a'>des</subfield><subfield code='b'>o</subfield><subfield code='6'>t</subfield><subfield code='7'>m</subfield><subfield code='d'>a</subfield><subfield code='f'>0</subfield><subfield code='e'>20120119</subfield></datafield><datafield ind1='8' ind2='0' tag='852'><subfield code='0'>6848601</subfield><subfield code='b'>hsvm</subfield><subfield code='h'>Islamic Manuscripts, Garrett no. 93G</subfield><subfield code='x'>tr fr mss</subfield></datafield><datafield ind1='8' ind2=' ' tag='852'><subfield code='0'>10438289</subfield><subfield code='b'>elf1</subfield><subfield code='h'>Electronic Resource</subfield></datafield><datafield ind1=' ' ind2=' ' tag='959'><subfield code='a'>2012-01-19 13:04:48 +0000</subfield></datafield></record>
